@book{analysisofevidence,
	author = "Terence Anderson and David Schum and William Twining",
	title = "Analysis of Evidence",
	year = "2005",
	address = "Cambridge",
	publisher = "Cambridge University Press"
}

@book{languageproofandlogic,
	author = "David Barker-Plummer and Jon Barwise and John Etchemendy",
	title = "Language, Proof, and Logic",
	year = "2011",
	address = "Chicago",
	publisher = "University of Chicago Press"
}

@book{saccoandvazetti,
	author = "Joseph B. Kadane and David A. Schum",
	title = "A Probabilistic Analysis of the Sacco and Vanzetti Evidence",
	year = "1996",
	address = "New York",
	publisher = "Wiley"
}

@techreport{alpaper,
	author = "Antonis Kakas and Francesca Toni and Paolo Mancarella",
	title = "Argumentation Logic",
	month = "April",
	year = "2012",
	institution = "University of Cyprus, Imperial College London, Universita di Pisa",
	address = "Nicosia",
}

@book{reasonreclaimed,
	author = "Eric C. W. Krabbe",
	title = "Reason Reclaimed",
	year = "2007",
	address = "Virginia",
	publisher = "Vale Press"
}

@book{argumentationinai,
	author = "Guillermo Simari and Iyad Rahwan",
	title = "Argumentation in Artificial Intelligence",
	year = "2009",
	address = "London",
	publisher = "Springer"
}

@book{usesofargument,
	author = "Steven Toulmin",
	title = "The Uses of Argument (Updated Edition)",
	year = "2003",
	address = "Cambridge",
	publisher = "Cambridge University Press"
}